<?xml version="1.0" encoding="UTF-8"?>
<marc:collection xmlns:marc="http://www.loc.gov/MARC21/slim" xmlns:xsi="http://www.w3.org/2001/XMLSchema-instance" xsi:schemaLocation="http://www.loc.gov/MARC21/slim http://www.loc.gov/standards/marcxml/schema/MARC21slim.xsd">
   <marc:record type="Bibliographic">
      <marc:leader>02027cam a2200457 a 4500</marc:leader>
      <marc:controlfield tag="001">450447</marc:controlfield>
      <marc:controlfield tag="003">NjP</marc:controlfield>
      <marc:controlfield tag="005">20130624102533.0</marc:controlfield>
      <marc:controlfield tag="008">880617s1985    ir h     b    001 0 ara d</marc:controlfield>
      <marc:datafield tag="024" ind1="7" ind2=" ">
         <marc:subfield code="a">princeton_aco000631</marc:subfield>
         <marc:subfield code="2">local</marc:subfield>
      </marc:datafield>
      <marc:datafield tag="035" ind1=" " ind2=" ">
         <marc:subfield code="a">(OCoLC)ocn176032167</marc:subfield>
      </marc:datafield>
      <marc:datafield tag="035" ind1=" " ind2=" ">
         <marc:subfield code="a">(OCoLC)22322325</marc:subfield>
      </marc:datafield>
      <marc:datafield tag="040" ind1=" " ind2=" ">
         <marc:subfield code="a">NjP</marc:subfield>
         <marc:subfield code="c">PUL</marc:subfield>
         <marc:subfield code="d">PUL</marc:subfield>
      </marc:datafield>
      <marc:datafield tag="035" ind1=" " ind2=" ">
         <marc:subfield code="a">(OCoLC)176032167</marc:subfield>
      </marc:datafield>
      <marc:datafield tag="035" ind1=" " ind2=" ">
         <marc:subfield code="a">(CStRLIN)NJPG88-B30891</marc:subfield>
      </marc:datafield>
      <marc:datafield tag="035" ind1=" " ind2=" ">
         <marc:subfield code="9">ACC6080TS</marc:subfield>
      </marc:datafield>
      <marc:datafield tag="035" ind1=" " ind2=" ">
         <marc:subfield code="a">(NjP)450447</marc:subfield>
      </marc:datafield>
      <marc:datafield tag="041" ind1="0" ind2=" ">
         <marc:subfield code="a">araper</marc:subfield>
      </marc:datafield>
      <marc:datafield tag="079" ind1=" " ind2=" ">
         <marc:subfield code="a">ocm22322325</marc:subfield>
      </marc:datafield>
      <marc:datafield tag="049" ind1=" " ind2=" ">
         <marc:subfield code="a">PULL</marc:subfield>
      </marc:datafield>
      <marc:datafield tag="100" ind1="0" ind2=" ">
         <marc:subfield code="a">Avicenna,</marc:subfield>
         <marc:subfield code="d">980-1037.</marc:subfield>
      </marc:datafield>
      <marc:datafield tag="240" ind1="1" ind2="0">
         <marc:subfield code="a">Shifā.</marc:subfield>
         <marc:subfield code="k">Selections</marc:subfield>
      </marc:datafield>
      <marc:datafield tag="245" ind1="1" ind2="3">
         <marc:subfield code="6">880-01</marc:subfield>
         <marc:subfield code="a">al-Najah min al-gharq fī baḥr al-ḍalālāt /</marc:subfield>
         <marc:subfield code="c">Ibn Sīnā ; bā vīrāyish va dībāchah-ʼi Muḥammad Taqī Dānishʹpazhūh.</marc:subfield>
      </marc:datafield>
      <marc:datafield tag="260" ind1=" " ind2=" ">
         <marc:subfield code="6">880-02</marc:subfield>
         <marc:subfield code="a">[Tehran] :</marc:subfield>
         <marc:subfield code="b">Dānishgāh-i Tihrān,</marc:subfield>
         <marc:subfield code="c">1364 [1985 or 1986]</marc:subfield>
      </marc:datafield>
      <marc:datafield tag="300" ind1=" " ind2=" ">
         <marc:subfield code="a">118, 783 p., [16] p. of plates :</marc:subfield>
         <marc:subfield code="b">facsims. ;</marc:subfield>
         <marc:subfield code="c">24 cm.</marc:subfield>
      </marc:datafield>
      <marc:datafield tag="440" ind1=" " ind2="0">
         <marc:subfield code="6">880-03</marc:subfield>
         <marc:subfield code="a">Intishārt̄-i Dānishgāh-i Tihrān ;</marc:subfield>
         <marc:subfield code="v">shumārah-ʼi 1863</marc:subfield>
      </marc:datafield>
      <marc:datafield tag="500" ind1=" " ind2=" ">
         <marc:subfield code="a">Text in Arabic; introd. in Persian.</marc:subfield>
      </marc:datafield>
      <marc:datafield tag="500" ind1=" " ind2=" ">
         <marc:subfield code="6">880-04</marc:subfield>
         <marc:subfield code="a">Running title: Kitāb al-Najāh.</marc:subfield>
      </marc:datafield>
      <marc:datafield tag="500" ind1=" " ind2=" ">
         <marc:subfield code="6">880-05</marc:subfield>
         <marc:subfield code="a">"Shumārah-ʼi musalsal-i 2490"--P. facing t.p.</marc:subfield>
      </marc:datafield>
      <marc:datafield tag="504" ind1=" " ind2=" ">
         <marc:subfield code="a">Includes bibliographical references and indexes.</marc:subfield>
      </marc:datafield>
      <marc:datafield tag="650" ind1=" " ind2="0">
         <marc:subfield code="a">Philosophy, Islamic</marc:subfield>
         <marc:subfield code="x">Early works to 1800.</marc:subfield>
      </marc:datafield>
      <marc:datafield tag="700" ind1="1" ind2=" ">
         <marc:subfield code="6">880-06</marc:subfield>
         <marc:subfield code="a">Dānishʹpazhūh, Muḥammad Taqī.</marc:subfield>
      </marc:datafield>
      <marc:datafield tag="880" ind1="1" ind2="2">
         <marc:subfield code="6">245-01/r</marc:subfield>
         <marc:subfield code="a">النجة من الغرق في بحر الضلالات /</marc:subfield>
         <marc:subfield code="c">ابن سينا ؛ با ڤيرايش ڤ ديباچهئ محمد تقي دانشپچوه.</marc:subfield>
      </marc:datafield>
      <marc:datafield tag="880" ind1=" " ind2=" ">
         <marc:subfield code="6">260-02/r</marc:subfield>
         <marc:subfield code="a">[طهران] :</marc:subfield>
         <marc:subfield code="b">دانشگاها تهران،</marc:subfield>
         <marc:subfield code="c">1364 [1985 or 1986]</marc:subfield>
      </marc:datafield>
      <marc:datafield tag="880" ind1=" " ind2="0">
         <marc:subfield code="6">440-03/r</marc:subfield>
         <marc:subfield code="a">انتشارتا دانشگاها تهران ؛</marc:subfield>
         <marc:subfield code="v">شمارهئ 1863</marc:subfield>
      </marc:datafield>
      <marc:datafield tag="880" ind1=" " ind2=" ">
         <marc:subfield code="6">500-04/r</marc:subfield>
         <marc:subfield code="a">رننگ تتل: كتاب النجاه.</marc:subfield>
      </marc:datafield>
      <marc:datafield tag="880" ind1=" " ind2=" ">
         <marc:subfield code="6">500-05/r</marc:subfield>
         <marc:subfield code="a">"شمارهئ مسلسلا 2490"پ. فنگ ت.پ.</marc:subfield>
      </marc:datafield>
      <marc:datafield tag="880" ind1="1" ind2=" ">
         <marc:subfield code="6">700-06/r</marc:subfield>
         <marc:subfield code="a">دانشپچوه، محمد تقي.</marc:subfield>
      </marc:datafield>
      <marc:datafield tag="998" ind1=" " ind2=" ">
         <marc:subfield code="a">08/28/91</marc:subfield>
         <marc:subfield code="s">9118</marc:subfield>
         <marc:subfield code="n">NjP</marc:subfield>
         <marc:subfield code="w">NYUG89B4090</marc:subfield>
         <marc:subfield code="d">06/17/88</marc:subfield>
         <marc:subfield code="c">KE</marc:subfield>
         <marc:subfield code="b">XXX</marc:subfield>
         <marc:subfield code="i">910828</marc:subfield>
         <marc:subfield code="l">NJPG</marc:subfield>
      </marc:datafield>
      <marc:datafield tag="911" ind1=" " ind2=" ">
         <marc:subfield code="a">19921028</marc:subfield>
      </marc:datafield>
      <marc:datafield tag="912" ind1=" " ind2=" ">
         <marc:subfield code="a">19910828000000.0</marc:subfield>
      </marc:datafield>
      <marc:datafield tag="994" ind1=" " ind2=" ">
         <marc:subfield code="a">C0</marc:subfield>
         <marc:subfield code="b">PUL</marc:subfield>
      </marc:datafield>
      <marc:datafield tag="999" ind1=" " ind2=" ">
         <marc:subfield code="a">450447</marc:subfield>
      </marc:datafield>
   </marc:record>
</marc:collection>
